@inproceedings{loremipsum,
  title={Lorem ipsum dolor sit amet, consectetur adipiscing elit,},
  author={Lorem ipsum},
  booktitle={Lorem ipsum dolor sit amet, consectetur adipiscing elit,},
  pages={237--246},
  year={2012},
  organization={ACM}
}
